%%%% 
%%%% Version: Tue Jun 25 11:53:59 2013
%%%% 

%%%% 
%%%% Publishers
%%%% 

@string{AAAIPRESS = "AAAI Press"} 
@string{ACM = "ACM"} 
@string{ACADEMIC = "Academic Press"} f
@string{ADDISONWESLEY = "Addison-Wesley"} 
@string{CAMBRIDGEUP = "Cambridge University Press"} 
@string{CEUR = "CEUR-WS.org"},
@string{ELSEVIER = "Elsevier"} 
@string{EDINBURGHUP = "Edinburgh University Press"}
@string{HARVARDUP = "Harvard University Press"} 
@string{IEEEPRESS = "{IEEE} Press"} 
@string{KLUVER = "Kluwer Academic Publishers"}
@string{LZI = "Schloss Dagstuhl--Leibniz-Zentrum fÃÂŒr Informatik"}
@string{MCGRAWHILL = "McGraw-Hill"} 
@string{MITPRESS = "MIT Press"} 
@string{MLCS = "Journal of Methods of Logic in Computer Science"}
@string{MORGANKAUFMANN = "Morgan Kaufmann"} 
@string{NORTHHOLLAND = "North-Holland"}
@string{OXFORDUP = "Oxford University Press"}
@string{PRENTICEHALL = "Prentice Hall"} 
@string{PERGAMON = "Pergamon Press"} 
@string{SPRINGER = "Springer"}

%%%% 
%%%% Series
%%%% 
f
@string{CEURWP = "CEUR Workshop Proceedings"}
@string{LIPICS = "Leibniz International Proceedings in Informatics (LIPIcs)"}
@string{LNCS = "Lecture Notes in Computer Science"}
@string{LNAI = "Lecture Notes in Artificial Intelligence"} 
@string{LNBI = "Lecture Notes in Bioinformatics"} 

%%%% 
%%%% Journals
%%%%

@string{ACMCS = "ACM Computing Surveys"}
@string{ACMTCL = "ACM Transactions on Computational Logic"}
@string{AI = "Artificial Intelligence"}
@string{AIC = "AI Communications"}
@string{AMAI = "Annals of Mathematics and Artificial Intelligence"}
@string{APAL = "Annals of Pure and Applied Logic"}
@string{Cog = "Cognition"}
@string{ENTCS = "Electronic Notes in Theoretical Computer Science"}
@string{FAC = "Formal Aspects of Computing"}
@string{FI = "Fundamenta Informaticae"}
@string{IC = "Information and Computation"}
@string{IPL = "Information Processing Letters"}
@string{JACM = "Journal of the ACM"}
@string{JAIR = "Journal of Artificial Intelligence Research"}
@string{JAL = "Journal of Applied Logic"}
@string{JANCL = "Journal of Applied Non-Classsical Logics"}
@string{JAR = "Journal of Automated Reasoning"}
@string{JCSS = "Journal of Computer and System Sciences"}
@string{JLC = "Journal of Logic and Computation"}
@string{JLP = "Journal of Logic Programming"}
@string{JOLLI = "Journal of Logic, Language, and Information"}
@string{JPL = "Journal of Philosophical Logic"}
@string{JSC = "Journal of Symbolic Computation"}
@string{JSL = "The Journal of Symbolic Logic"}
@string{NDJFL = "Notre Dame Journal of Formal Logic"}
@string{NGC = "New Generation Computing"}
@string{SIAM = "SIAM Journal of Computing"}
@string{SL = "Studia Logica"}
@string{TCS = "Theoretical Computer Science"}
@string{TR = "Thinking and Reasoning"}
@string{TOCL = "ACM Transactions on Computational Logic"}
@string{VLDB = "The VLDB Journal"}

@article{apt:emden:1982,
 author = {Apt, Krzysztof R. and van Emden, Maarten H.},
 title = {Contributions to the Theory of Logic Programming},
 journal = JACM,
 issue_date = {1982},
 volume = {29},
    number = {3},
 year = {1982},
 pages = {841--862},
 numpages = {22},
 publisher = ACM,
 address = {New York, NY}
} 



@inproceedings{vangelder:alternatingfp:89,
 author = {Van Gelder, Allen},
 title = {The alternating fixpoint of logic programs with negation},
 booktitle     = {Proceedings of the Eighth ACM SIGACT-SIGMOD-SIGART Symposium
               on Principles of Database Systems, {(PODS~1989)}},
  editor    = {Avi Silberschatz},
  pages     = {1-10},
 numpages = {10},
 location = {Philadelphia, Pennsylvania, United States},
 year = {1989},
 publisher = ACM,
 address = {New York, NY}
}


@article{fitting:94,
  author    = {Melvin Fitting},
  title     = {Metric Methods Three Examples and a Theorem},
  journal   = {Journal of Logic Programming},
  volume    = {21},
  number    = {3},
  pages     = {113--127},
  year      = {1994},
}


@article{fitting:85,
  author    = {Melvin Fitting},
  title     = {A {K}ripke-{K}leene Semantics for Logic Programs},
  journal   = JLP,
  volume    = {2},
  year      = {1985},
  pages     = {295--312},
number    = {4},
}
%  
@article{gelder:ross:schlipf:1991,
 author = {Van Gelder, Allen and Ross, Kenneth A. and Schlipf, John S.},
 title = {The well-founded semantics for general logic programs},
 journal = JACM,
 issue_date = {July 1991},
 volume = {38},
number = {3},
 year = {1991},
 pages = {619--649},
 numpages = {31},
 publisher = ACM,
 address = {New York, NY}
} 

@inproceedings{gelfond:lifschitz:1988,
title={The Stable Model Semantics for Logic Programming},
author={Michael Gelfond and Vladimir Lifschitz},
booktitle={Proceedings of the
International Logic Programming Conference and Symposium, ({ICLP/SLP~1988})},
editor={Robert Kowalski and K. A. Bowen},
publisher= MITPRESS,
address = {Cambridge, MA},
pages={1070--1080},
year={1988}
}

@InProceedings{Wernhard:2012:HR,
author = "Christoph Wernhard",
title = "Towards a Declarative Approach to Model Human Reasoning with
Nonmonotonic Logics",
booktitle = "Human Reasoning and Automated Deduction: KI 2012 Workshop
Proceedings",
pages = "41--48",
editor = "Thomas Barkowsky and Marco Ragni and Frieder Stolzenburg",
series = "Report Series of the Transregional Collaborative Research
Center SFB/TR 8 Spatial Cognition",
volume = "SFB/TR 8 Report 032-09/2012",
year = "2012",
publisher = "Universit{\"a}t Bremen / Universit{\"a}t Freiburg",
address = "Bremen"
}

@inproceedings{hitzler:wendt:2002,
  author    = {Pascal Hitzler and
               Matthias Wendt},
  title     = {The Well-Founded Semantics Is a Stratified Fitting Semantics},
  booktitle     = {Advances in Artificial Intelligence, 25th Annual
               German Conference on AI, {(KI~2002)}},
  editor    = {Matthias Jarke and
               Jana Koehler and
               Gerhard Lakemeyer},
  publisher = SPRINGER,
  address   = {Heidelberg},
  series    = LNCS,
  volume    = {2479},
  year      = {2002},
  pages     = {205-221},
}

@inProceedings{hk:2009a,
author="H{\"o}lldobler, Steffen
and Kencana Ramli, Carroline Dewi Puspa",
editor="Hill, Patricia M.
and Warren, David S.",
title="Logic Programs under Three-Valued {\L}ukasiewicz Semantics",
  booktitle   = "Proc. of 25th Int. Conf. on Logic Programming",
year="2009",
publisher="Springer Berlin Heidelberg",
  series    = "LNCS",
  volume    = "5649",
pages="464--478",
}


@inproceedings{hk:2009b,
  author    = {Steffen H{\"o}lldobler and {Kencana Ramli}, Carroline Dewi Puspa},
  title     = {Logics and Networks for Human Reasoning},
  booktitle = {International Conference on Artificial Neural Networks,
                  ({ICANN~2009}), Part~II},
  year      = {2009},
  pages     = {85--94},
  crossref  = {DBLP:conf/icann/2009-2},
}

@proceedings{DBLP:conf/icann/2009-2,
  editor    = {Cesare Alippi and
               Marios M. Polycarpou and
               Christos G. Panayiotou and
               Georgios Ellinas},
 publisher = SPRINGER,
  address   = {Heidelberg},
  series    = LNCS,
  volume    = {5769},
  year      = {2009},
}

@inproceedings{pereira:alferes:1992,
 author = {Pereira, Lu\'{\i}s Moniz and Alferes, Jos{\'e} J\'{u}lio},
 title = {Well founded semantics for logic programs with explicit negation},
 booktitle = {Proceedings of the 10th European conference on Artificial intelligence},
 series = {ECAI '92},
 year = {1992},
 location = {Vienna, Austria},
 pages = {102--106},
 numpages = {5},
 publisher = {John Wiley \& Sons},
 address = {New York, NY},
} 



@inproceedings{pereira:alferes:aparcio:1992,
 author = {Pereira, Lu\'{\i}s Moniz and Alferes, Jos{\'e} J\'{u}lio and Apar\'{\i}cio, Joaquim Nunes},
 title = {Default Theory for Well Founded Semantics with Explicit Negation},
 booktitle = {Proceedings of the European Workshop on Logics in AI},
 series = {JELIA '92},
 year = {1992},
 pages = {339--356},
 numpages = {18},
 publisher = SPRINGER,
  address   = {Heidelberg},
} 

@inproceedings{przymusinski:1989,
 author = {Teodor C. Przymusinski},
 title = {Every logic program has a natural stratification and an iterated least fixed point model},
 booktitle     = {Proceedings of the Eighth ACM SIGACT-SIGMOD-SIGART Symposium
               on Principles of Database Systems, {(PODS~1989)}},
  editor    = {Avi Silberschatz},
 year = {1989},
 location = {Philadelphia, Pennsylvania, United States},
 pages = {11--21},
 numpages = {11},
 publisher = ACM,
 address = {New York, NY}
} 

@article{przymusinski:1990,
 author = {Teodor C. Przymusinski},
 title = {Well-founded semantics coincides with three-valued stable semantics},
 journal = FI,
 volume = {13},
 number = {4},
 year = {1990},
 pages = {445--463},
 numpages = {19},
 publisher = {IOS Press},
 address = {Amsterdam}
} 



@mastersthesis{palacios:thesis,
author={Luis {Palacios Medinacelli}},
 title={Skeptical Abduction: A Neural-Symbolic Approach},
school= {Institute of Artificial Intelligence, Department of Computer Science,
Technische Universit\"{a}t Dresden},
year={2016},
type = {Master's thesis},
address = {Dresden}
}

@misc{phd,
author={E.-A. {Dietz Saldanha}},
 title={How to be Artificially Human: From Logic Programming to Human Reasoning, {Dissertation}, {TU} {D}resden},
school= {Institute of Artificial Intelligence, Department of Computer Science, Technische Universit\"{a}t Dresden},
year={2017},
type = {PhD thesis},
address = {Dresden},
  howpublished  = {\url{https://iccl.inf.tu-dresden.de/w/images/6/62/Thesis-edietz.pdf}},
  STATUS = {own}
}

@mastersthesis{philipp:2010,
author={Philipp, Tobias},
 title={Human Reasoning and Abduction},
school= {Institute of Artificial Intelligence, Department of Computer Science,
Technische Universit\"{a}t Dresden},
year={2010},
type = {Bachelor's thesis},
address = {Dresden}
}

@mastersthesis{ramli:2009,
<<<<<<< HEAD
author={Kencana Ramli, Carroline Dewi Puspa},
=======
author={{Kencana Ramli}, Carroline Dewi Puspa},
>>>>>>> e76cfc522c91b87efd848c1deeff021f9c5f7f4f
 title={Logic Programs and Three-Valued Consequence Operators},
school= {Institute of Artificial Intelligence, Department of Computer Science,
Technische Universit\"{a}t Dresden},
year={2009},
type = {Master's thesis},
address = {Dresden}
}

@article{stenning:vanlambalgen:2005,
  author = 	 {Keith Stenning and Michiel van Lambalgen},
  title = 	 {Semantic Interpretation as Computation in Nonmonotonic Logic:
                  The Real Meaning of the Suppression Task},
  journal = 	 {Cognitive Science},
  volume =       {6},
  number = {29},
  year =         {2005},
  pages =        {916--960}
}

@book{stenning:vanlambalgen:2008,
  title={Human Reasoning and Cognitive Science},
  author={Keith Stenning and Michiel van Lambalgen},
  year={2008},
  series = {A Bradford Book},
  publisher=MITPRESS,
  address = {Cambridge, MA},

}


@inproceedings{velder:ross:schlipf:1988,
 author = {Van Gelder, Allen and Ross, Kenneth and Schlipf, John S.},
 title = {Unfounded sets and well-founded semantics for general logic programs},
 booktitle = {Proceedings of the Seventh ACM SIGACT-SIGMOD-SIGART Symposium on Principles of Database Systems, PODS~'88},
 editor    = {Chris Edmondson-Yurkanan and Mihalis Yannakakis},
 year = {1988},
 location = {Austin, Texas, United States},
 pages = {221--230},
 numpages = {10},
 address = {New York, NY}
} 

@article{byrne:89,
    author = {Byrne, Ruth M.J.},
    journal = Cog,
    pages = {61--83},
    title = {{Suppressing valid inferences with conditionals}},
    volume = {31},
    year = {1989}
}



@article{mentallogic:1994,
author = {O'Brien, David and D. S. Braine, Martin and Yang, Yingrui},
year = {1994},
month = {11},
pages = {711-24},
title = {Propositional Reasoning by Mental Models? Simple to Refute in Principle and in Practice},
volume = {101},
booktitle = psychorev
}

@book{rips:1994,
	Address = {Cambridge, MA},
	Author = {Rips, L. J.},
	Publisher = {The MIT Press},
	Title = {The psychology of proof: Deductive reasoning in human thinking},
	Year = {1994}}



@INPROCEEDINGS{cabalar:2002,
    author = {Pedro Cabalar},
    title = {A rewriting method for Well-Founded Semantics with Explicit
Negation},
    booktitle = {IN INTERNATIONAL CONFERENCE ON LOGIC PROGRAMMING {(ICLP~2012)}},
    year = {2002},
    pages = {2401--378},
    publisher = {}
}

@techreport{wernhard:2011,
  author = {Christoph Wernhard},
  title = {Forward Human Reasoning Modeled by Logic Programming Modeled by
                  Classical Logic with Circumscription and Projection},
  institution = {Technische Universit{\"a}t Dresden},
  year = {2011},
  number = {Knowledge Representation and Reasoning 11-07},
  address = "Dresden"
}

  address = {Dresden},

@article{lukasiewicz:20,
author = {Jan {\L}ukasiewicz},
title = {O logice tr\'ojwarto\'sciowej},
 journal = {Ruch Filozoficzny},
 volume = {5},
 pages = {169--171},
note = {English translation: On three-valued logic. In:
  {\L}ukasiewicz J. and Borkowski L. (ed.).
  (1990). \textit{Selected Works}, Amsterdam: North Holland, 
  pages 87--88.},
year = 1920,
}

@book{Kleene:52,
      author       = {Kleene, Stephen Cole},
      title        = {Introduction to Metamathematics},
      publisher    = {North-Holland},
      year         = {1952},
      address      = {Amsterdam}
}

@book{sh:2009,
  title={Logik und Logikprogrammierung 1: Grundlagen},
  author={H{\"o}lldobler, Steffen},
  series={Kolleg Synchron},
  year={2009},
  publisher={Synchron}
}

@inproceedings{dietz:hoelldobler:ragni:2012,
author    = {E.-A. Dietz and H\"{o}lldobler, Steffen and Ragni, Marco},
title     = {A Computational Logic Approach to the Suppression Task},
booktitle = {Proceedings of the 34th Annual Conference of the {C}ognitive 
{S}cience {S}ociety, {(CogSci~2012)}},
Publisher = {{Austin, TX: Cognitive Science Society}},
editor = {N. Miyake and D. Peebles and R. P. Cooper},
publisher = {Cognitive Science Society},
year = {2012},
pages     = {1500--1505},
  STATUS = {own}
} 


@inproceedings{dietz:hoelldobler:ragni:2013,
  author = {E.-A. Dietz and H\"{o}lldobler, Steffen and Ragni, Marco},
  title = {A Computational Logic Approach to the Abstract and the Social Case of
the Selection Task},
booktitle = {Proceedings of the 
11th International Symposium on Logical Formalizations of 
Commonsense Reasoning, ({Commonsense~2013})},
     address = {Aeya Nappa, Cyprus},
  year = {2013},
  STATUS = {own}
}

@ARTICLE{przymusinski:1994,
    author = {Teodor C. Przymusinski},
    title = {Well founded and stationary models of logic programs},
    journal = AMAI,
    year = {1994},
    volume = {12},
  number = {3-4},
    pages = {141-187},
}

@book{gottwald:2011,
author = "Siegfried Gottwald",
title = {A Treatise on Many-Valued Logics},
series = "Studies in Logic and Computation",
volume = "9",
publisher = "Research Studies Press",
year = "2001",
address = "Baldock",
} 


@incollection{apt:bezem:1990,
 author = {Apt, Krzysztof R. and Bezem, Marc},
 chapter = {Acyclic programs},
 title = {Logic programming},
 editor = {Warren, David H.D.},
 year = {1990},
 pages = {617--633},
 publisher = MITPRESS,
 address = {Cambridge, MA},
} 


@incollection{Clark:1978,
  author = {Clark, Keith Leonard},
  booktitle = {Logic and Data Bases},
  editor = {H. Gallaire and J. Minker},
  keywords = {logic},
  pages = {293--322},
  publisher = {Plenum Press},
  title = {Negation as failure},
  volume = 1,
  year = 1978,
  address = {New York, NY},
}


@incollection{apt:blair:walker:1988,
 author = {Apt, Krzysztof R. and Blair, Howard Arden and Walker, Adrian},
 title = {Towards a Theory of Declarative Knowledge},
 booktitle = {Foundations of Deductive Databases and Logic Programming},
 editor = {Minker, J.},
 year = {1988},
 pages = {89--148},
 numpages = {60},
 publisher = {Morgan Kaufmann},
 address = {San Francisco, CA},
} 




@incollection{przymusinski:1988,
 author = {Teodor C. Przymusinski},
 title = {On the declarative semantics of deductive databases and logic
programs},
 booktitle = {Foundations of Deductive Databases and Logic Programming},
 editor = {Minker, J.},
 year = {1988},
 pages = {193--216},
 numpages = {60},
 publisher = {Morgan Kaufmann},
 address = {San Francisco, CA},
} 



@article{hitzler:wendt:2005,
 author = {Hitzler, Pascal and Wendt, Matthias},
 title = {A uniform approach to logic programming semantics},
 journal = {Theory and Practice of Logic Programming},
 issue_date = {2005},
 volume = {5},
number = {1-2},
 year = {2005},
 pages = {93--121},
 numpages = {29},
} 


@ARTICLE{kakas:etal:93,
    author = {Antonis Kakas and Robert Kowalski and Francesca Toni},
    title = {Abductive logic programming},
    journal = JLC,
    year = {1993},
    number = 6,
    volume = {2},
    pages = {719--770}
}

@article{fages:1991,
  author = {Fages, Francois},
  journal = NGC,
  keywords = {dblp},
  pages = {425-444},
  title = {A New Fixpoint Semantics for General Logic Programs Compared with the Well-Founded and the Stable Model Semantics.},
  volume = 9, 
number = {3/4},
  year = 1991,
publisher = SPRINGER,

  address   = {Heidelberg},
}

@article{fages:1994,
  author = {Fages, Francois},
  journal = MLCS,
  pages = {51-60},
  number = 1,
  title = {Consistency of {C}lark's completion and existence of stable models.},
  volume = 1,
  year = 1994
}
% 
@Article{erdem:lifschitz:2003,
title={Tight Logic Programs},
author={Esra Erdem and Vladimir Lifschitz},
volume={3},
journal={Theory and Practice of Logic Programming},
pages= {499--518},
year={2003},
number = {4},
}
@InProceedings{gottwald:2001,
	author = "Siegfried Gottwald",
	booktitle = "Studies in Logic and Computation",
	title = {A Treatise on Many-Valued Logics},
	volume = "9",
	year = "2001",
    publisher = {Research Study Press}
}
@book{strube:96,
  title={W{\"o}rterbuch der {K}ognitionswissenschaft},
  author={Strube, Gerhard},
  year={1996},
  publisher = {Klett-Cotta, Stuttgart},
}

@book{rescher:69,
  title={Many-valued logic},
  author={Rescher, Nicholas},
  year={1969},
  publisher=MCGRAWHILL,
  address = {New York, NY},
}


@incollection{bibel:91,
year={1991},
booktitle={Automated Reasoning: Essays in Honor of Woody Bledsoe},
editor={Boyer, RobertS.},
title={Perspectives on Automated Deduction},
publisher={Kluwer Academic, Utrecht},
author={Bibel, Wolfgang},
pages={77-104},
language={English}
}


@article{dieussaert:2000,
	volume = {6},
	author = {Kristien Dieussaert and Walter Schaeken and Walter Schroyens and Gery D'Ydewalle},
	title = {Strategies During Complex Conditional Inferences},
	journal = TR,
	year = {2000},
	pages = "125--161",
number = {2},
}



@inproceedings{esslli:2012,
author    = {E.-A. Dietz and H\"{o}lldobler, Steffen},
title     = {Modeling the Suppression Task under Three-valued
{{\L}}ukasiewicz and Well-founded Semantics},
booktitle = {Proceedings ESSLLI 2012 workshop on
trivalent logics and their applications},
editor    = {Egr\'{e}, P. and Ripley, R.},
year      = {2012},
pages     = {27-36},
  STATUS = {own}
}


@InProceedings{ki:2012,
author    = {E.-A. Dietz and H\"{o}lldobler, Steffen and Ragni, Marco},
title     = {A Simple Model for the {W}ason Selection Task},
booktitle = "Human Reasoning and Automated Deduction: KI 2012 Workshop
Proceedings",
pages = "41--48",
editor = "Thomas Barkowsky and Marco Ragni and Frieder Stolzenburg",
series = "Report Series of the Transregional Collaborative Research
Center SFB/TR 8 Spatial Cognition",
volume = "SFB/TR 8 Report 032-09/2012",
year = "2012",
publisher = "Universit{\"a}t Bremen / Universit{\"a}t Freiburg",
address = "Bremen",
  STATUS = {own}
}

@book{halford,
  title={Children's understanding: The development of mental models},
  author={Halford, G.S.},
  year={1993},
  publisher={Lawrence Erlbaum},
  address = {Hillsdale, NJ}
}

@INPROCEEDINGS{knauff:rauh:schneider:1995,
    author = {Markus Knauff and Reinhold Rauh and Christoph Schlieder},
    title = {Preferred mental models in qualitative spatial reasoning: 
A cognitive assessment of {A}llen's calculus},
    booktitle = {Proceedings of the Seventeenth 
Annual Conference of the Cognitive Science Society, {(CogSci~1995)}},
    year = {1995},
    pages = {200--205},
    publisher = {Lawrence Erlbaum},
    address = {Hillsdale, NJ}
}

@article{Knauff:99,
 author = {Knauff, Markus},
 title = {The cognitive adequacy of Allen's interval calculus for qualitative spatial representation and reasoning},
 journal = {Spatial Cognition and Computation},
 volume = {1},
 number = {3},
 year = {1999},
 pages = {261--290},
 numpages = {30},
 publisher = {Kluwer Academic Publishers},
 address = {Hingham, MA, USA},
} 


@incollection{strube:1992,
year={1992},
booktitle={Contemporary Knowledge Engineering and Cognition, First Joint
     Workshop},
volume={622},
series=LNCS,
editor={Schmalhofer, Franz and Strube, Gerhard and Wetter, Thomas},
title={The role of cognitive science in knowledge engineering},
publisher=SPRINGER,
  address   = {Heidelberg},
author={Strube, Gerhard},
pages={159--174}
}

@inproceedings{renz:reinhold:knauff:00,
 author = {Renz, Jochen and Rauh, Reinhold and Knauff, Markus},
 title = {Towards Cognitive Adequacy of Topological Spatial Relations},
 booktitle = {Spatial Cognition II, Integrating Abstract Theories, Empirical Studies, Formal Methods, and Practical Applications},
 year = {2000},
 pages = {184--197},
 numpages = {14},
 publisher = {Springer-Verlag},
 address = {London, UK},
} 

@inproceedings{knauff:rauh:renz:1997,
    author = {Markus Knauff and Reinhold Rauh and Jochen Renz},
    title = {A Cognitive Assessment of Topological Spatial Relations: Results from an Empirical Investigation},
    booktitle = {Proceedings of the third 
International Conference on Spatial Information Theory, {(COSIT~1997)}},
    volume = {1329},
    series = LNCS,
    year = {1997},
    pages = {193--206},
    publisher = SPRINGER,
  address   = {Heidelberg},
}

@incollection{ruiz:minker:1995,
  year = {1995},
  booktitle={Non-Monotonic Extensions of Logic Programming},
  volume={927},
  series=LNCS,
  editor={Dix, J{\"u}rgen and Pereira, Lu{\'i}s Moniz and Przymusinski, Teodor C.},
  title={Computing stable and partial stable models of extended disjunctive logic programs},
 publisher = SPRINGER,
  address   = {Heidelberg},
  author={Ruiz, Carolina and Minker, Jack},
  pages={205-229}
}
% 
@article{elkan:1990,
    author = {Elkan, Charles},
    journal = AI,
    pages = {219--234},
    title = {{A rational reconstruction of nonmonotonic truth maintenance systems (research note)}},
    volume = {43},
    year = {1990},
 publisher = ELSEVIER,
number = {2},
}

@article{vanEmden:kowalski:1976,
 author = {Van Emden, Maarten H. and Kowalski, Robert},
 title = {The Semantics of Predicate Logic as a Programming Language},
 journal = ACM,
 volume = {23},
 number = {4},
 year = {1976},
 pages = {733--742},
 publisher = ACM,
 address = {New York, NY, USA},
} 

@incollection{Pereira92contradictionremoval,
year={1991},
booktitle={5th Portuguese AI International Conference (EPIA1991)},
volume={541},
series= LNCS,
editor={Barahona, Pedro and Pereira, Lu{\'i}s Moniz and Porto, Ant{\'o}nio},
title={The extended stable models of contradiction removal semantics},
 publisher = SPRINGER,
  address   = {Heidelberg},
    author = {Lu{\'i}s Moniz Pereira and Joaquim N. Apar{\'i}cio and Jos{\'e} J. Alferes},
pages={105-119}
}

  @inproceedings{iwayamasatoh:91,
    author = {Ken Satoh and Norburu Iwayama},
    title = {Computing Abduction using the {TMS}},
    editor = {Koichi Furukawa},
    booktitle={Proceedings of the Eigth International Conference
      on Logic Programming, (ICLP~1991)},
    year = {1991},
    pages = {505--518},
    publisher = MITPRESS,
    address = {Cambridge, MA},
  } 
  
@article{evans:1983,
year={1983},
journal={Memory \& Cognition},
volume={11},
number={3},
title={On the conflict between logic and belief in syllogistic reasoning},
publisher=SPRINGER,
author={Evans, Jonathan St.B.T. and Barston, Julie L. and Pollard, Paul},
pages={295-306},
language={English}
}

@incollection{evans:2012,
 author = {Evans, Jonathan St.B.T.},
  title       = {Biases in Deductive Reasoning},
  editor      = {Pohl, R.F.},
  booktitle   = {Cognitive Illusions: A Handbook on Fallacies and Biases in Thinking, Judgement and Memory},
  publisher   = {Psychology Press},
  year        = 2012,
}

@article{evans:trends:2003,
journal = "Trends in Cognitive Sciences ",
title = "In two minds: dual-process accounts of reasoning ",
volume = "7",
number = "10",
pages = "454 - 459",
year = "2003",
author = "Evans, Jonathan St.B.T.",
}


%inbook{evans:2012,
%  author = {Evans, J.St.B.T.},
%  chapter = {Biases in Deductive Reasoning},
% crossref = {pohl:2012},
% }
% 
%book{pohl:2012,
%   editor    = {Pohl, R.F.},
% title      = {Cognitive Illusions: A Handbook on Fallacies and Biases in Thinking, Judgement and Memory},
% booktitle      = {Cognitive Illusions: A Handbook on Fallacies and Biases in Thinking, Judgement and Memory},
%   publisher={Psychology Press},
%   year={2012},
% }

@incollection{evans2010thinkingtwice,
  title={Reasoning and imagination},
  booktitle   = {Thinking Twice: Two Minds in One Brain},
  author={Evans, Jonathan St.B.T.},
  year={2010},
  publisher={OUP Oxford}
}

@incollection {pereira:pinto:2011, 
author = {Lu\'{\i}s Moniz Pereira and Alexandre Miguel Pinto}, 
editor = {M. Balduccini and Tran Cao Son}, 
title = {Inspecting Side-Effects of Abduction in Logic Programs}, 
booktitle = {Logic Programming, Knowledge Representation, and Nonmonotonic Reasoning: Essays in honour of Michael Gelfond}, series = {LNAI}, 
publisher = {Springer}, 
volume = {6565}, 
pages = {148-163}, 
 year = {2011}, 
}



@inproceedings{dietz:hoelldobler:ragni:2012,
author    = {E.-A. Dietz and H\"{o}lldobler, Steffen and Ragni, Marco},
title     = {A Computational Logic Approach to the Suppression Task},
booktitle = {Proceedings of the 34th Annual Conference of the {C}ognitive 
{S}cience {S}ociety, {CogSci~2013}},
Publisher = {{Austin, TX: Cognitive Science Society}},
editor = {N. Miyake and D. Peebles and R. P. Cooper},
publisher = {Cognitive Science Society},
year = {2012},
pages     = {1500--1505},
  STATUS = {own}
} 

@inproceedings{dietz:hoelldobler:ragni:2013,
  author = {E.-A. Dietz and H\"{o}lldobler, Steffen and Ragni, Marco},
  title = {A Computational Logic Approach to the Abstract and the Social Case of
the Selection Task},
booktitle = {Proceedings of the 
11th International Symposium on Logical Formalizations of 
Commonsense Reasoning, {Commonsense~2013}},
     address = {Aeya Nappa, Cyprus},
  year = {2013},
  STATUS = {own}
}

@article{kakas:kowalski:toni:1998,
 author = {Kakas, Antonis and Kowalski, Robert and Toni, Francesca},
 journal = {Handbook of logic in Artificial Intelligence and Logic Programming 5, Oxford University Press},
 editor = {D. M. Gabbay and C. J. Hogger and J. A. Robinson}, 
 pages = {235--324},
   title = {The role of abduction in logic programming},
  volume = {5},
  year = {1998},
  publisher = OXFORDUP,
}

@book{Hempel:1966,
  author = {Hempel, Carl Gustav},
  booktitle = {Philosophy of Natural Science},
  title = {Philosophy of Natural Science},
  publisher = PRENTICEHALL,
  address = {Englewood Cliffs, NJ},
  year = {1966},
}

@article{torasso:console:luigi:1995,
 author = {Torasso, Pietro and Console, Luca and Portinale, Luigi and Dupr{\'e}, Daniele Theseider},
  journal = JLC,
  number = 5,
  pages = {661-690},
  title = {On the Relationship between Abduction and Deduction},
  volume = 1,
  year = 1991,
}

@book{kowalski:2011,
  author = {Kowalski, Robert},
  booktitle = {Computational Logic and Human Thinking: How to be Artificially Intelligent},
  title = {Computational Logic and Human Thinking: How to be Artificially Intelligent},
  publisher = CAMBRIDGEUP,
   address = {Cambridge},
  year = {2011},
}


@article{saptawijaya:pereira:2013,
  author    = {Ari Saptawijaya and
               Lu\'{\i}s Moniz Pereira},
  title     = {Tabled Abduction in Logic Programs},
 journal = {Theory and Practice of Logic Programming},
  volume    = {13},
  number    = {4-5-Online-Supplement},
  year      = {2013},
}

 
 @article{ragni:stolzenburg:2015,
author = {Ragni, Marco and Stolzenburg, Frieder},
year = {2015},
month = {05},
pages = {247--253},
title = {Higher-Level Cognition and Computation: A Survey},
volume = {29},
booktitle = {KI - Künstliche Intelligenz}
}

@article{mcdermott:87,
  author = {McDermott, Drew},
  journal = {Computational Intelligence},
  number = {3},
  pages = {151--160},
  serial = {McDermott87a},
  title = {A critique of pure reason},
  volume = {3},
  year = {1987}
}


@article{dietz:hoelldobler:wernhard:2014,
  author    = {E.-A. Dietz and
               Steffen H{\"{o}}lldobler and
               Christoph Wernhard},
  title     = {Modeling the suppression task under weak completion and well-founded
               semantics},
  journal   = JANCL,
  volume    = {24},
  number    = {1-2},
  pages     = {61--85},
  year      = {2014},
  STATUS = {own}
}


@inproceedings{btg:2015:h,
    AUTHOR = {S. H{\"o}lldobler},
    TITLE= {Weak Completion Semantics and its
Applications in Human Reasoning},
    BOOKTITLE= {{CEUR} {WS} proc. on Bridging the Gap between Human and Automated Reasoning},
    YEAR= {2015},
    editor = {U. Furbach and Claudia Schon},
    PAGES= {2--16},
    PUBLISHER= {}
}ceur



@article{dhkp:submitted,
author = {E.-A. {Dietz Saldanha} and Steffen H{\"o}lldobler
and Carroline Dewi Puspa {Kencana Ramli} and Luis {Palacios Medinacelli}},
title = {A Core Method for the Weak Completion Semantics with
Skeptical Abduction},
note = {accepted},
year = {2017},
  STATUS = {own}
}


@article{wason:68,
  author = {Wason, Peter C.},
  journal = {Quarterly Journal of Experimental Psychology},
  number = {3},
  pages = {273--281},
  title = {Reasoning about a rule},
  volume = 20,
  year = 1968
}

@book{lloyd:1984,
 author = {Lloyd, John Wylie},
 title = {Foundations of Logic Programming},
 year = {1984},
 publisher = {Springer-Verlag New York, Inc.},
 address = {New York, NY, USA},
} 


@INPROCEEDINGS{Beringer93,
    author = {Antje Beringer and Steffen H{\"o}lldobler},
    title = {On the Adequateness of the Connection Method},
    booktitle = {In Proceedings of the AAAI National Conference on Artificial Intelligence},
    year = {1993},
    pages = {9--14}
}

@INPROCEEDINGS{Herrmann96,
     author = {Christoph S. Herrmann and Frank Reine},
    title = {Considering Adequacy in Neural Network Learning},
    booktitle = {Proceedings of International Conference on Neural Networks {(ICNN~1996)}},
  volume={1},
  pages={270--275},
  year={1996},
  organization={IEEE}
}
 	
@ARTICLE{Shastri93,
    author = {Lokendra Shastri and Venkat Ajjanagadde},
    title = {From Simple Associations to Systematic Reasoning: a Connectionist Representation of Rules, Variables and Dynamic Bindings Using Temporal Synchrony},
    journal = {Behavioral and Brain Sciences},
    year = {1993},
    volume = {16},
    pages = {417--494}
}

@InProceedings{hoelldobler94,
  author = 	"Steffen H{\"o}lldobler and Michael Thielscher",
  title = 	"On the {A}dequateness of {AI}-{S}ystems",
  booktitle = 	"Proceedings of the International Conference on
		  Artificial Intelligence and Information-Control
		  Systems of Robots (AIICSR~1994)",
  year = 	"1994",
  editor =	"I.\ Plander",
  pages =	"41--46",
  publisher =	"World Scientific Publishing Co.\ Singapore",
  address =	"Smolenice Castle, Slovakia",
  note =        "(Invited talk)"
}

@INPROCEEDINGS{Beringer93,
    author = {Antje Beringer and Steffen H{\"o}lldobler},
    title = {On the Adequateness of the Connection Method},
    booktitle = {In Proceedings of the AAAI National Conference on Artificial Intelligence},
    year = {1993},
    pages = {9--14}
}

@article{Khemlani2013-KHETPO,
	pages = {4--20},
	journal = {Argument and Computation},
	volume = {4},
	author = {Sangeet Khemlani and P. N. Johnson{-}Laird},
	number = {1},
	year = {2013},
	title = {The Processes of Inference}
}
}
@inproceedings{dietz:hoelldobler:philipp:2017,
  author    = {{Dietz Saldanha}, Emmanuelle-Anna and 
               Steffen H{\"{o}}lldobler and Tobias Philipp},
  title     = {Contextual Abduction and its Complexity Issues},
  booktitle = {Proceedings of the 4th International Workshop on Defeasible and Ampliative Reasoning ({DARe})
co-located with the 14th International Conference on Logic Programming and Nonmonotonic Reasoning ({LPNMR})},
  pages     = {58-70},
  year      = {2017},
   editors    = {Richard Booth, Giovanni Casini, Ivan Varzinczak},
  title     = {Proceedings of the 4th International Workshop on Defeasible and Ampliative Reasoning ({DARe})
co-located with the 14th International Conference on Logic Programming and Nonmonotonic Reasoning ({LPNMR})},
  series    = {{CEUR} Workshop Proceedings},
  volume    = {1872},
  publisher = {CEUR-WS.org},
  year      = {2017},
  STATUS = {own}
}

@INPROCEEDINGS{Herrmann96,
    author = {Antje Beringer and Steffen H{\"o}lldobler},
     author = {Christoph S. Herrmann and Frank Reine and Technische Hochschule and Darmstadt Technische and Hochschule Darmstadt},
    title = {Considering Adequacy in Neural Network Learning},
    booktitle = {Proceedings of ICNN 1996 (IEEE International Conference on Neural Networks)},
    year = {1996}
}
@book{strube96,
  title={W{\"o}rterbuch der Kognitionswissenschaft},
  author={Strube, Gerhard},
  year={1996},
  publisher={Klett-Cotta}
}

@article{Allen83,
 author = {Allen, James F.},
 title = {Maintaining knowledge about temporal intervals},
 journal = {Commun. ACM},
 issue_date = {Nov. 1983},
 volume = {26},
 issue = {11},
 year = {1983},
 pages = {832--843},
 numpages = {12},
 acmid = {358434},
 publisher = {ACM},
 address = {New York, NY, USA},
 keywords = {interval reasoning, interval representation, temporal interval},
} 

@article{Knauff99,
 author = {Knauff, Markus},
 title = {The cognitive adequacy of Allen's interval calculus for qualitative spatial representation and reasoning},
 journal = {Spatial Cognition and Computation},
 volume = {1},
 issue = {3},
 year = {1999},
 pages = {261--290},
 numpages = {30},
 acmid = {599091},
 publisher = {Kluwer Academic Publishers},
 address = {Hingham, MA, USA},
 keywords = {cognitive adequacy, conceptual neighborhood, interval relations, spatial knowledge, spatial memory, spatial reasoning, symmetry transformation},
} 

@inproceedings{renz:reinhold:knauff:00,
 author = {Renz, Jochen and Rauh, Reinhold and Knauff, Markus},
 title = {Towards Cognitive Adequacy of Topological Spatial Relations},
 booktitle = {Spatial Cognition II, Integrating Abstract Theories, Empirical Studies, Formal Methods, and Practical Applications},
 year = {2000},
 pages = {184--197},
 numpages = {14},
 acmid = {675368},
 publisher = {Springer-Verlag},
 address = {London, UK},
} 

@incollection{hermann:ohl:09,
 author = {Herrmann, Christoph S. and Ohl, Frank W.},
 chapter = {Cognitive Adequacy in Brain-Like Intelligence},
 title = {Creating Brain-Like Intelligence},
 editor = {Sendhoff, Bernhard and K\"{o}rner, Edgar and Sporns, Olaf and Ritter, Helge and Doya, Kenji},
 year = {2009},
 pages = {314--327},
 numpages = {14},
 publisher = {Springer-Verlag},
 address = {Berlin, Heidelberg},
} 



@book{sh:2009,
  title={Logik und Logikprogrammierung 1: Grundlagen},
  author={H{\"o}lldobler, Steffen},
  series={Kolleg Synchron},
  year={2009},
  publisher={Synchron}
}

@article{schulz:2014,
  author    = {Katrin Schulz},
  title     = {Minimal models vs. logic programming: the case of counterfactual conditionals},
  journal   = {Journal of Applied Non-Classical Logics},
  volume    = {24},
  number    = {1-2},
  pages     = {153--168},
  year      = {2014},
}

@incollection{Pereira:wfs:iconstraints:91,
  AUTHOR = {Pereira, Lu\'{i}s Moniz and Apar\'{i}cio, Joaquim Nunes and Alferes, Jos\'{e} J\'{u}lio},
  TITLE = {Hypothetical Reasoning with Well Founded Semantics},
  YEAR = 1991,
  BOOKTITLE = {Proceedings of the Scandinavian Conference on Artificial Intelligence (SCAI~1991)},
  EDITOR = {B. Mayoh},
  PUBLISHER = {IOS Press},
  ADDRESS = {Amsterdam},
  PAGES = {289-300},
  KEYWORDS = {}}

@inproceedings{iwost:2015,
  author = {E.-A. Dietz and H{\"o}lldobler, Steffen and Pereira, Lu{\'i}s Moniz},
  title = {On Indicative Conditionals},
  booktitle = {Proceedings of the First International Workshop on Semantic Technologies},
  pages = {19-30},
  year = 2015,
  editor = {S. H{\"o}lldobler and Y. Liang},
  volume = {1339},
  series = {CEUR Workshop Proceedings},
  publisher = {CEUR-WS.org},
  STATUS = {own}}

@inproceedings{iwost:syll,
  author    = {E.-A. Dietz and Steffen H{\"o}lldobler and
               Marco Ragni},
  title     = {A Syllogistic Reasoning Theory and Three Examples},
  editor    = {Steffen H{\"o}lldobler and Krisana Chinnasarn},
  booktitle = {Proceedings of the Second International Workshop on Semantic Technologies},
  series    = {CEUR Workshop Proceedings},
  volume    = {1494},
  publisher = {CEUR-WS.org},
  year      = {2015},
  STATUS = {own}
}

@book{lewis:1973,
	Address = {Oxford},
	Author = {David Lewis},
	Publisher = {Blackwell Publishers},
	Title = {Counterfactuals},
	Year = {1973}}

@incollection{woodward:2011,
  title = "Psychological Studies of Causal and Counterfactual Reasoning",
  author = "James Woodward", 
  editor    = "Hoerl, Christoph and McCormack, Teresa and Beck, Sarah R.",
  booktitle     = "Understanding counterfactuals, understanding causation : issues in philosophy and psychology",
  publisher = "Oxford University Press",
  year      = "2011",
  series    = "Consciousness and self-consciousness",
}

@article{griggs:cox:1982,
author = {Griggs, Richard A. and Cox, James R.},
title = {The elusive thematic-materials effect in Wason's selection task},
journal = {British Journal of Psychology},
volume = {73},
number = {3},
publisher = {Blackwell Publishing Ltd},
pages = {407--420},
year = {1982},
}




  @book{adler:rips:2008,
  title={Reasoning: Studies of Human Inference and Its Foundations},
  author={Adler, J.E. and Rips, L.J.},
  year={2008},
  publisher={Cambridge University Press}
}


@book{edgington:2011,
  title = "Causation First: Why Causation is Prior to Counterfactuals",
  author = "Dorothy Edgington", 
  editor    = "Hoerl, Christoph and McCormack, Teresa and Beck, Sarah R.",
  title     = "Understanding counterfactuals, understanding causation : issues in philosophy and psychology",
  publisher = "Oxford University Press",
  year      = "2011",
  series    = "Consciousness and self-consciousness",
}

@book{hoerl:2011,
  title = "Introduction: Understanding Counterfactuals and Causation",
  author = "Hoerl, Christoph and McCormack, Teresa and Beck, Sarah R.", 
  editor    = "Hoerl, Christoph and McCormack, Teresa and Beck, Sarah R.",
  title     = "Understanding counterfactuals, understanding causation : issues in philosophy and psychology",
  publisher = "Oxford University Press",
  year      = "2011",
  series    = "Consciousness and self-consciousness",
}

@book{evans:over:2004,
  title={If},
  author={Evans, Jonathan St.B.T. and Over, D.E.},
  series={Oxford cognitive science series},
  year={2004},
  publisher={Oxford University Press}


@article{newstead:griggs:1984,
year={1984},
journal={Psychological Research},
volume={46},
number={4},
title={Fuzzy quantifiers as an explanation of set inclusion performance},
publisher={Springer-Verlag},
author={Newstead, Stephen E. and Griggs, Richard A.},
pages={377-388},
}

@InProceedings{McCarthy77,
	abstract = "{Note: OCR errors may be found in this Reference List extracted from the full text article. ACM has opted to expose the complete List rather than only correct and linked references.}",
	address = "San Francisco, CA, USA",
	author = "John McCarthy",
	booktitle = "Proceedings of the 5th international joint conference on Artificial intelligence {(IJCAI~1977)}",
	location = "Cambridge, USA",
	pages = "1038--1044",
	publisher = "Morgan Kaufmann Publishers Inc.",
	title = "{Epistemological problems of artificial intelligence}",
	year = "1977"
}

@incollection{stalnaker:1968,
    address = {Oxford},
    author = {Stalnaker, Robert C.},
    booktitle = {Studies in Logical Theory},
    editor = {Rescher, Nicholas},
    pages = {98--112},
    publisher = {Blackwell Publishers},
    title = {A Theory of Conditionals},
    year = {1968}
}


@article{stalnaker:thomason:1970,
title = {A semantic analysis of conditional logic},
  author = {Stalnaker, Robert C. and Thomason, Richmond H.},
year = {1970},
volume = {36},
pages = {23--42},
journal = {Theoria},
publisher = {DPHT Stockholm},
number = {1},
}



@article{Lewis:1976,
	Author = {David Lewis},
	Journal = {Philosophical Review},
	Pages = {297--315},
	Title = {Probabilities of Conditionals and Conditional Probabilities},
	Volume = {85},
	Year = {1976},	
	publisher = {Duke University Press},
	number = {3}
}




@article{evans:1972,
author = {Evans, Jonathan St.B.T.},
title = {Interpretation and matching bias in a reasoning task},
  journal={The Quarterly Journal of Experimental Psychology},
  volume={24},
  number={2},
  pages={193--199},
  year={1972},
  publisher={Taylor \& Francis}
}

@inproceedings{beller:bender:2012,
	Author = {Beller, Sieghard and Bender, Andrea},
	Booktitle = {Proceedings of the 34th {A}nnual {C}onference of the {C}ognitive {S}cience {S}ociety {(CogSci~2012)}},
	Editor = {N. Miyake and D. Peebles, and R. P. Cooper},
	Pages = {114--119},
	Publisher = {{A}ustin, {TX}: Cognitive {S}cience {S}ociety},
	Title = {Competent deontic reasoning: The abstract deontic selection task revisited},
	Year = {2012}}


@book{Lewis:1986,
	Address = {Oxford},
	Author = {David Lewis},
	Publisher = {Blackwell Publishers},
	Title = {On the Plurality of Worlds},
	Year = {1986}}

@inproceedings{kahneman:tversky:1982,
author="D. Kahneman and A. Tversky",
year=1982,
title="The simulation heuristic",
editor="Kahneman D. and Slovic P. and Tversky A.",
booktitle="Judgment under uncertainty: Heuristics and biases",
publisher="Campbridge University Press",
address="New York",
pages="201-208" 
}

@book{evans:1989,
  author = {Evans, Jonathan St.B.T.},
  publisher = {Lawrence Erlbaum},
  series = {Essays in cognitive psychology},
  title = {Bias in human reasoning - causes and consequences.},
  year = 1989
}

@book{garnham:oakhill:1994,
  title={Thinking and Reasoning},
  author={Garnham, A. and Oakhill, J.},
  year={1994},
  publisher={Wiley}
}

@article{evans:handley:harper:2001,
  author = {Evans, Jonathan St.B.T. and Handley, SJ and Harper, CNJ},
  title = {Necessity, possibility and belief: A study of syllogistic reasoning},
  journal = {Quarterly Journal of Experimental Psychology},
  year = {2001},
  volume = {54},
  number = {3},
  pages = {935-958}
}

@article{evans:2000,
author = {Evans, Jonathan St.B.T.},
title = {Thinking and Believing},
journal = {Mental models in reasoning},
editors = {Gracia-Madruga, J. and Gonzalez-Labra, C.},
year = {2000},
publisher = {"UNED"},
address = {Madrid},
}



@inproceedings{btg:2015:h,
    AUTHOR = {S. H{\"o}lldobler},
    TITLE= {Weak Completion Semantics and its
Applications in Human Reasoning},
    BOOKTITLE= {Proceedings of the 1st Workshop on Bridging the Gap between Human and Automated Reasoning (Bridging-2015)},
    YEAR= {2015},
    editor = {U. Furbach and Claudia Schon},
    PAGES= {2--16},
  series = {CEUR Workshop Proceedings},
  publisher = {CEUR-WS.org},
}

@article{chapman:chapman:1959,
	volume = {58},
	pages = {220-6},
	author = {Loren J. Chapman and Jean P. Chapman},
	journal = {Journal of Experimental Psychology},
	title = {Atmosphere Effect Re-Examined},
	year = {1959},
	number = {3}
}

@article{woodworth:sells:1935,
	pages = {451-60},
	journal = {Journal of Experimental Psychology},
	number = {4},
	author = {R. S. Woodworth and S. B. Sells},
	volume = {18},
	title = {An Atmosphere Effect in Formal Syllogistic Reasoning},
	year = {1935}
}

@article{johnsonlaird:byrne:1991,
  title={Deduction.},
  author={Johnson-Laird, Philip Nicholas and Byrne, Ruth M.J.},
  year={1991},
  address = {Hove and London},
  journal={Lawrence Erlbaum Associates, Inc}
}

@InProceedings{dhp:2015a,
  author = {E.-A. Dietz and Steffen H{\"o}lldobler and Lu{\'i}s Moniz Pereira},
  title = {On Indicative Conditionals},
  booktitle = {Proceedings of the First Int. Workshop on Semantic Technologies},
  pages = {19-30},
  year = 2015,
  editor = {S. H{\"o}lldobler and Y. Liang},
  volume = {1339},
  series = {CEUR Workshop Proceedings},
  publisher = {CEUR-WS.org},
  STATUS = {own}}



@article{khemlani:2012,
	Author = {S. Khemlani and P. N. {Johnson-Laird}},
	Journal = {Psychological Bulletin},
	Pages = {427-457},
	Title = {Theories of the Syllogism: A Meta-Analysis},
	Year = {2012},
	}


@inproceedings{dhp:2017,
  author= "E.-A. {Dietz Saldanha} and H{\"o}lldobler, Steffen
  and Pereira, Lu{\'i}s Moniz",
  editors="Balduccini, Marcello  and Janhunen, Tomi",
  title="Contextual Reasoning: Usually Birds Can Abductively Fly",
  booktitle="Proc. of 14th Int. Conf. on Logic Programming and Nonmonotonic Reasoning",
  year="2017",
  publisher="Springer Int. Pub.",
  pages="64--77",
  STATUS = {own}
}
	
	

@article{johnsonlaird:1970,
title = "A theoretical analysis of insight into a reasoning task",
journal = "Cognitive Psychology",
volume = "1",
number = "2",
pages = "134 - 148",
year = "1970",
author = "P.N Johnson-Laird and P.C Wason"
}

@article{wilkins:1928,
author = {Wilkins, M.C.},
year = {1928},
title = {The effect of changed material on the ability to do formal syllogistic reasoning},
journal = {Archives of Psychology},
volume = {16},
pages = {1--83},
number = {102},
}

@article{newstead:handley:buck:1999,
year={1999},
journal={Memory \& Cognition},
volume={27},
number={2},
title={Falsifying mental models: Testing the predictions of theories of syllogistic reasoning},
publisher={Springer-Verlag},
author={Newstead, Stephen E. and Handley, Simon J. and Buck, Ed},
pages={344-354},
}

@article{polk:newell:1995,
  title={Deduction as verbal reasoning.},
  author={Polk, Thad A and Newell, Allen},
  journal={Psychological Review},
  volume={102},
  number={3},
  pages={533-566},
  year={1995},
  publisher={American Psychological Association}
}


@inproceedings{dietz:2017,
  author    = {E.-A. Dietz},
  title     = {A Computational Logic Approach to the Belief Bias in Human Syllogistic Reasoning},
  booktitle = {Proc. of 10th Int. and Interdisc. Conf.
on Modeling and Using Context},
  editors = {Br{\'e}zillon, P. and Roy Turner and Carlo Penco},
  pages = {691-707},
volume={10257}, 
series= {LNAI},
  publisher = {Springer},
  year      = {2017},
  STATUS = {own}
}
@proceedings{conf/context/2017,
  editor    = {Patrick Br{\'e}zillon and Roy Turner and Carlo Penco},
  title     = {10th Int. and Interdisc. Conf.
on Modeling and Using Context {CONTEXT} 2017, Proceedings},
  series    = {Lecture Notes in Computer Science},
  volume    = {10257},
  publisher = {Springer},
  year      = {2017},
}

@inproceedings{pdh:2014a,
  author    = {Lu{\'{\i}}s Moniz Pereira and
               E.-A. Dietz and
               Steffen H{\"{o}}lldobler},
  title     = {An Abductive Reasoning Approach to the Belief Bias Effect},
  booktitle = {Principles of Knowledge Representation and Reasoning: Proceedings
               of the Fourteenth International Conference, {(KR~2014)}, Vienna, Austria,
               July 20-24, 2014},
  pages = {653--656},
  year      = {2014},
  editor    = {Chitta Baral and
               Giuseppe De Giacomo and
               Thomas Eiter},
  title     = {Principles of Knowledge Representation and Reasoning: Proceedings
               of the Fourteenth International Conference, {(KR~2014)}, Vienna, Austria,
               July 20-24, 2014},
  publisher = {{AAAI} Press},
  year      = {2014},
  STATUS = {own}
}

@proceedings{DBLP:conf/kr/2014,
  editor    = {Chitta Baral and
               Giuseppe De Giacomo and
               Thomas Eiter},
  title     = {Principles of Knowledge Representation and Reasoning: Proceedings
               of the Fourteenth International Conference, {(KR~2014)}, Vienna, Austria,
               July 20-24, 2014},
  publisher = {{AAAI} Press},
  year      = {2014},
}



@article{pdh:2014b,
  author    = {Lu{\'{\i}}s Moniz Pereira and
               E.-A. Dietz and
               Steffen H{\"{o}}lldobler},
  title     = {Contextual Abductive Reasoning with Side-Effects},
  journal   = {{Theory and Practice of Logic Programming}},
  volume    = {14},
  number    = {4-5},
  pages     = {633--648},
  year      = {2014},
  STATUS = {own}
}



@article{goodwin:2005,
  title={Reasoning about relations.},
  author={Goodwin, Geoffrey P and Johnson-Laird, PN},
  journal={Psychological review},
  volume={112},
  number={2},
  pages={468},
  year={2005},
  publisher={American Psychological Association}
}


@incollection{rcc8:1992,
  address = {San Mateo, California},
  author = {Randell, David A. and Cui, Zhan and Cohn, Anthony},
  booktitle = {Principles of Knowledge Representation and Reasoning: Proceedings of the Third International Conference, {(KR~1992)}},
  editor = {Nebel, Bernhard and Rich, Charles and Swartout, William},
  pages = {165--176},
  publisher = {Morgan Kaufmann},
    title = {A Spatial Logic based on Regions and Connection},
  year = 1992
}


@mastersthesis{hoeps:2014,
author = {Raphael H{\"o}ps},
title = {{M}enschliches r{\"a}umliches {S}chlie{\ss}en und {A}ns{\"a}tze aus 
der {C}omputational {L}ogic},
school= {Institute of Artificial Intelligence, Department of Computer Science,
Technische Universit\"{a}t Dresden},
year = {2014},
type = {Bachelor's thesis},
address = {Dresden}
}





@article{ginsberg:1986,
  AUTHOR ={Matthew L. Ginsberg},
  TITLE = {Counterfactuals},
  YEAR = 1986,
  JOURNAL = {Artificial Intelligence},
  VOLUME = {30},
 number = {1},
  PAGES = {35--79},
 numpages = {46},
 publisher = {Elsevier Science Publishers Ltd.},
 address = {Essex, UK},
} 


@book{aristotle,
publisher = {Princeton University Press},
 title = {The Complete Works of Aristotle (Vol. 1)},
 year = {1984},
 address = {Princeton, NJ},
 editor = {Jonathan Barnes},
}

@inproceedings{pereira:aparico:1989,
  author    = {Lu\'{\i}s Moniz Pereira and
               Joaquim Nunes Apar\'{\i}cio},
  title     = {Relevant Counterfactuals},
  booktitle = {EPIA},
  year      = {1989},
  pages     = {107-118},
  crossref  = {DBLP:conf/epia/1989},
}

@proceedings{DBLP:conf/epia/1989,
  editor    = {Jo{\~a}o P. Martins and
               Ernesto M. Morgado},
  title     = {EPIA 89, 4th Portuguese Conference on Artificial Intelligence,
               Monte Gordo, Portugal, September 26-29, 1989, Proceedings},
  booktitle = {EPIA},
  publisher = {Springer},
  series    = {Lecture Notes in Computer Science},
  volume    = {390},
  year      = {1989},
}

@article{BJ89,
    author = {Byrne, Ruth M.J. and Johnson-Laird},
	 title = {Spatial Reasoning},
	 journal = {Journal of Memory and Language},
	 volume = {28},
	 year = {1989},    
	  number = {5},
	 pages = {564--575}    
}


@INPROCEEDINGS{RK05,
     author = {Ragni, M. and Knauff, M. and Nebel, B.},
     c_editor = {Bara, B. G. and Miyake, N.},
     title = {A computational model for spatial reasoning with mental models},
     booktitle = {Proceedings of the 27th Annual Conference of the Cognitive Science Society {(COGSCI)}},
     year = {2005},
     pages = {1797-1802},
     c_publisher = {Lawrence Erlbaum},       
}


@article{Riefer1988,
  title={Multinomial modeling and the measurement of cognitive processes},
  author={Riefer, D. M. and Batchelder, W. H.},
  journal={Psychological Review},
  volume={95},
  number={3},
  pages={318--339},
  year={1988}
}

@incollection{bench-capon:1989,
  AUTHOR = {T. J. M. Bench-Capon},
  TITLE = {Representing Counterfactual Conditionals},
  YEAR = 1989,
  BOOKTITLE = {Proceedings of the Seventh Conference of the Society for the Study of Artificial Intelligence and Simulation 
of Behaviour},
  EDITOR = {A. G. Cohn},
  PUBLISHER = {Pitman and Kaufmann},
  ADDRESS = {Brighton, England},
  PAGES = {51-60},
  KEYWORDS = {}}


@article{routen:bench-capon:1991,
  author = {Routen, Tom and Bench-Capon, Trevor J. M.},
  journal = {International Journal of Man-Machine Studies},
  keywords = {dblp},
  number = 1,
  pages = {69-93},
  title = {Hierarchical Formalizations.},
  volume = 35,
  year = 1991
}


@book{pearl:2000,
 author = {Pearl, Judea},
 title = {Causality: Models, Reasoning, and Inference},
 year = {2000},
 publisher = CAMBRIDGEUP,
 address = {New York, USA},
} 


@article{pearl:2011,
  author = {Pearl, Judea},
 journal = {Annals of Mathematics and Artificial Intelligence},
  number = 1,
  pages = {29--39},
  title = {The algorithmization of counterfactuals.},
  volume = 61,
  year = 2011
 publisher = {Kluwer Academic Publishers},
 address = {Hingham, MA, USA},
} 



@inproceedings{baral:2007,
 author = {Baral, Chitta and Hunsaker, Matt},
 title = {Using the Probabilistic Logic Programming Language P-log for Causal and Counterfactual Reasoning and Non-naive Conditioning},
 booktitle = {Proceedings of the 20th International Joint Conference on Artifical Intelligence, {(IJCAI~2007)}},
 year = {2007},
 location = {Hyderabad, India},
 pages = {243--249},
 numpages = {7},
 publisher = {Morgan Kaufmann Publishers Inc.},
 address = {San Francisco, CA, USA},
} 




  @article{baral:2009,
  author = {Chitta Baral and Michael Gelfond and J. Nelson Rushton},
  title = {Probabilistic reasoning with answer sets},
 journal = {Theory and Practice of Logic Programming},
  pages = {57-144},
  volume = {9},
  number = {1},
  year = {2009}
}

@book{rescher:2005,
  title={What If?: Thought Experimentation In Philosophy},
  author={Rescher, Nicholas},
  year={2005},
  publisher={Transaction Publishers}
}

@InProceedings{gekakasc14b,
  author = 	 "M. Gebser and R. Kaminski and B. Kaufmann and T. Schaub",
  title = 	 "\textit{Clingo} = {ASP} + Control: Preliminary Report",
  crossref =	 "iclp-tc14",
  volume =	 "arXiv:1405.3694v1",
  OPTnote = 	 "Available at \url{http://arxiv.org/abs/1405.3694v1}"
}
@Proceedings{iclp-tc14,
  editor =	 "M. Leuschel and T. Schrijvers",
  title =	 "Technical Communications of the Thirtieth International Conference on Logic Programming (ICLP~2014)",
  booktitle =	 "Technical Communications of the Thirtieth International Conference on Logic Programming (ICLP~2014)",
  volume =	 "14(4-5)",
  number =	 "4-5",
  year =	 2014,
  note =	 "Theory and Practice of Logic Programming, Online Supplement"
}

@incollection{bh:2006,
year={2006},
booktitle={Artificial Neural Networks - ICANN 2006},
volume={4132},
series={Lecture Notes in Computer Science},
editor={Kollias, Stefanos and Stafylopatis, Andreas and Duch,  W{\l}odzis{\l}aw and Oja, Erkki},
title={The Core Method: Connectionist Model Generation},
publisher={Springer Berlin Heidelberg},
author={Bader, Sebastian and H{\"o}lldobler, Steffen},
pages={1-13},
}


@article{ragni:knauff:2013,
    author = {Marco Ragni and Markus Knauff},
    title = {A Theory and a Computational Model of Spatial Reasoning With Preferred Mental Models},
    booktitle = {Psychological Review},
	 number = {3},
	 volume = {120},
	 pages = {561 -- 588},
    year = {2013},
  publisher={American Psychological Association}
}

@article{allen:83,
 author = {Allen, James F.},
 title = {Maintaining knowledge about temporal intervals},
 journal = {Commun. ACM},
 volume = {26},
 issue = {11},
 year = {1983},
 pages = {832--843},
 numpages = {12},
 publisher = {ACM},
 address = {New York, NY, USA},
} 

@book{johnsonlaird:1983,
  author = {Johnson-Laird, P. N.},
  publisher = HARVARDUP,
  title = {Mental models: towards a cognitive 
science of language, inference,
	and consciousness},
  year = 1983,
  address = {Cambridge, MA},
}



 @conference{hk:2009c,
    title = {Contraction Properties of a Semantic Operator for Human Reasoning },
    booktitle = {Proceedings of the Fifth International Conference on Information},
    keywords = {Semantic operator, Human reasoning},
    pages = {228--231},
    year = {2009},institution = {International Information Institute},
    author = {H{\"o}lldobler, Steffen and {Kencana Ramli}, Carroline Dewi Puspa},
    editor = {Li, Lei and Yen, K. K.}
} 


@article{BJ89,
    author = {Byrne, Ruth M.J. and Johnson-Laird},
	 title = {Spatial Reasoning},
	 journal = {Journal of Memory and Language},
	 volume = {28},
	 year = {1989},    
	  number = {5},
	 pages = {564--575}    
}


@INPROCEEDINGS{RK05,
     author = {Ragni, M. and Knauff, M. and Nebel, B.},
     c_editor = {Bara, B. G. and Miyake, N.},
     title = {A computational model for spatial reasoning with mental models},
     booktitle = {Proceedings of the 27th Annual Conference of the Cognitive Science Society {(CogSci~2005)}},
     year = {2005},
     pages = {1797-1802},
     c_publisher = {Lawrence Erlbaum},       
}


@book{Mank,
  title={Reasoning and Thinking},
  author={Manktelow, K.},
  c_series={Cognitive Psychology: a Modular Course},
  year={2000},
  publisher={Psychology press}
}


@InProceedings{dhp:2015a,
  author = {E.-A. Dietz and Steffen H{\"o}lldobler and Lu{\'i}s Moniz Pereira},
  title = {On Indicative Conditionals},
  booktitle = {Proceedings of the First International Workshop on Semantic Technologies},
  pages = {19-30},
  year = 2015,
  editor = {S. H{\"o}lldobler and Y. Liang},
  volume = {1339},
  series = {CEUR Workshop Proceedings},
  publisher = {CEUR-WS.org},
  STATUS = {own}}


@article {motivatedreasoning:2002,
	author = {Dawson, E. Gilovich, T. and Regan, D. T.},
	title = {Motivated reasoning and performance on the Wason Selection Task},
	journal = {Personality and Social Psychology Bulletin},
	volume = {28},
	number = {10},
	year = {2002},
	pages = {1379--1387},
}


@book{rescher:2007,
author = {Rescher, Nicholas},
title        = {Conditionals},
 publisher = MITPRESS,
 address = {Cambridge, MA},
      year  = {2007},
}

@article{cplogic:2009,
  author = {Vennekens, Joost and Denecker, Marc and Bruynooghe, Maurice},
  journal = {CoRR},
  keywords = {dblp},
  title = {{CP}-logic: A Language of Causal Probabilistic Events and Its Relation to Logic Programming},
  volume = {abs/0904.1672},
  year = 2009
}

@inproceedings{cplogic:2010,
  author    = {Joost Vennekens and
               Maurice Bruynooghe and
               Marc Denecker},
  title     = {Embracing Events in Causal Modelling: Interventions and Counterfactuals
               in {CP}-Logic},
  booktitle = {Logics in Artificial Intelligence - 12th European Conference, {(JELIA~2010)}, Helsinki, Finland, September 13-15, 2010. Proceedings},
  pages     = {313--325},
  year      = {2010},
  crossref  = {DBLP:conf/jelia/2010},
}

@proceedings{DBLP:conf/jelia/2010,
  editor    = {Tomi Janhunen and
               Ilkka Niemel{\"{a}}},
  title     = {Logics in Artificial Intelligence - 12th European Conference, {JELIA}
               2010, Helsinki, Finland, September 13-15, 2010. Proceedings},
  series    = {Lecture Notes in Computer Science},
  volume    = {6341},
  publisher = {Springer},
  year      = {2010},
}


@book{sloman:2005,
  title={Causal Models : How People Think about the World and Its Alternatives},
  author={Steven Sloman},
  year={2005},
  publisher={Oxford University Press, USA}
}


@book{ramsey:1931,
  author={Ramsey, F.P.},
  title={The foundations of mathematics and other logical essays},
  year = {1931},
  publisher={Harcourt, Brace and Company},
}




@book{byrne:2007,
author = {Byrne, Ruth M.J.},
title        = {The Rational Imagination: How People Create Alternatives to Reality},
 publisher = MITPRESS,
 address = {Cambridge, MA},
      year  = {2007},
}


@InProceedings{hpw:2011,
    author = "Steffen H{\"o}lldobler and Tobias Philipp and Christoph Wernhard",
    title = "An Abductive Model for Human Reasoning",
    booktitle = "Logical Formalizations of Commonsense Reasoning {(Commonsense~2011)}",
    series = "AAAI Spring Symposium Series Technical Reports",
    publisher = AAAIPRESS,
    address = {Cambridge, MA},
    year = "2011",
    pages = "135--138",
} 



@book{Rips1994,
	Address = {Cambridge, MA},
	Author = {Rips, L. J.},
	Date-Added = {2015-09-16 12:19:14 +0000},
	Date-Modified = {2015-09-16 12:19:14 +0000},
	Publisher = {The MIT Press},
	Title = {The psychology of proof: Deductive reasoning in human thinking},
	Year = {1994}}


@article{Polk1995,
	Author = {Polk, Thad A and Newell, Allen},
	Journal = {Psychological Review},
	Number = {3},
	Pages = {533--566},
	Publisher = {American Psychological Association},
	Title = {Deduction as verbal reasoning.},
	Volume = {102},
	Year = {1995},
}


@inproceedings{btg:2015,
    AUTHOR = {E.-A. Dietz},
    TITLE= {A Computational Logic Approach to Syllogisms in Human Reasoning},
    BOOKTITLE= {Proceedings of the Workshop on Bridging the Gap between Human and Automated Reasoning
on the 25th International Conference on Automated Deduction (CADE~25)},
    YEAR= {2015},
    editor = {Ulrich Furbach and Claudia Schon},
    PAGES= {17--31},
  series = {CEUR Workshop Proceedings},
  publisher = {CEUR-WS.org},
  STATUS = {own}}
}

@inproceedings{btg:2016,
author    = {Costa, Ana and E.-A. Dietz and H\"{o}lldobler, Steffen and Ragni, Marco},
    TITLE= {Syllogistic Reasoning under the Weak Completion Semantics},
    BOOKTITLE= {Proceedings of the Workshop on Bridging the Gap between Human and Automated Reasoning
on the 25th International Joint Conference on Artificial Intelligence (IJCAI)},
    YEAR= {2016},
    editor = {Ulrich Furbach and Claudia Schon},
  series = {CEUR Workshop Proceedings},
  publisher = {CEUR-WS.org},
  STATUS = {own}}
}

@inproceedings{btg:2015,
    AUTHOR = {Emmanuelle-Anna E.-A. Dietz},
    TITLE= {A Computational Logic Approach to Syllogisms in Human Reasoning},
    BOOKTITLE= {Proceedings of the Workshop on Bridging the Gap between Human and Automated Reasoning
on the 25th International Conference on Automated Deduction (CADE~25)},
    YEAR= {2015},
    editor = {Ulrich Furbach and Claudia Schon},
    PAGES= {17--31},
  series = {CEUR Workshop Proceedings},
  publisher = {CEUR-WS.org},
  STATUS = {own}}
}

@inproceedings{btg:2017,
author    = {E.-A. {Dietz Saldanha} and H\"{o}lldobler, Steffen and M{\"o}rbitz, Richard},
    TITLE= {Principles and Clusters in Human Syllogistic Reasoning},
    BOOKTITLE= {Proc. of the Workshop Bridging the Gap: Is Logic and Automated Reasoning a Foundation for Human Reasoning?
on the 39th Annual Conference of the {C}ognitive 
{S}cience {S}ociety},
    editor = {Ulrich Furbach and Claudia Schon},
    YEAR= {2017},
    pages = {TBA},
  series = {CEUR Workshop Proceedings},
  publisher = {CEUR-WS.org},
  STATUS = {own}
}


@article{Wetherick1995,
author="Wetherick, N. E.
and Gilhooly, K. J.",
title="`Atmosphere', matching, and logic in syllogistic reasoning",
journal="Current Psychology",
year="1995",
volume="14",
number="3",
pages="169--178",
}


@book{peirce:31,
  title={Collected Papers of Charles Sanders Peirce},
  author={Peirce, C.S. and Hartshorne, C. and Weiss, P.},
  series={Collected papers of {C}harles {S}anders {P}eirce},
  year={1974},
  publisher={Belknap Press of Harvard University Press}
}


@inproceedings{declare:2017,
author    = {E.-A. {Dietz Saldanha} and H\"{o}lldobler, Steffen and M{\"o}rbitz, Richard},
    TITLE= {The Syllogistic Reasoning Task: Reasoning Principles and Heuristic Strategies in Modeling Human Clusters},
    BOOKTITLE= {Proceedings of the 21st International Conference on
Applications of Declarative Programming
and Knowledge Management {(INAP~2017)}},
    editor = {Dietmar Seipel and Michael Hanus and Salvador Abreu},
    YEAR= {2017},
    pages = {139--154},
series= {Lecture Notes in Artificial Intelligence},
  publisher = {Springer},
}



@article{akaike1974new,
  added-at = {2012-04-11T20:11:58.000+0200},
  author = {Akaike, H.},
  journal = {IEEE Transactions on Automatic Control},
  keywords = {},
  number = 6,
  pages = {716--723},
  title = {A new look at the statistical model identification},
  volume = 19,
  year = 1974
}

@article{BJ89,
    author = {Byrne, Ruth M.J. and Johnson-Laird},
	 title = {Spatial Reasoning},
	 journal = {Journal of Memory and Language},
	 volume = {28},
	 year = {1989},    
	  number = {5},
	 pages = {564--575}    
}

@book{kowalski:2011,
  author = {Kowalski, Robert},
  booktitle = {Computational Logic and Human Thinking: How to be Artificially Intelligent},
  title = {Computational Logic and Human Thinking: How to be Artificially Intelligent},
  publisher = CAMBRIDGEUP,
   address = {Cambridge},
  year = {2011},
}

@incollection{evans:2012,
 author = {Evans, Jonathan St.B.T.},
  title       = {Biases in Deductive Reasoning},
  editor      = {Pohl, R.F.},
  booktitle   = {Cognitive Illusions: A Handbook on Fallacies and Biases in Thinking, Judgement and Memory},
  publisher   = {Psychology Press},
  year        = 2012,
}

@article{schwarz1978,
author = "Schwarz, Gideon",
doi = "10.1214/aos/1176344136",
fjournal = "The Annals of Statistics",
journal = "Ann. Statist.",
month = "03",
number = "2",
pages = "461--464",
publisher = "The Institute of Mathematical Statistics",
title = "Estimating the Dimension of a Model",
volume = "6",
year = "1978"
}




@inproceedings{khemlani:2016,
	author = {Philip N. Johnson-Laird and Sangeet S. Khemlani},
TITLE = {How people differ in syllogistic reasoning},
booktitle = {Proceedings of the 38th Annual Conference of the {C}ognitive 
{S}cience {S}ociety, {(CogSci~2016)}},
Publisher = {{Austin, TX: Cognitive Science Society}},
editor = {Papafragou, A., Grodner, D., Mirman, D., and Trueswell, J.C.},
publisher = {Cognitive Science Society},
year = {2016},
pages     = {2165--2170},
} 


@article{schwarz1978,
author = "Schwarz, Gideon",
doi = "10.1214/aos/1176344136",
fjournal = "The Annals of Statistics",
journal = "Ann. Statist.",
month = "03",
number = "2",
pages = "461--464",
publisher = "The Institute of Mathematical Statistics",
title = "Estimating the Dimension of a Model",
volume = "6",
year = "1978"
}


@article{schwarz1978,
author = "Schwarz, Gideon",
doi = "10.1214/aos/1176344136",
fjournal = "The Annals of Statistics",
journal = "Ann. Statist.",
month = "03",
number = "2",
pages = "461--464",
publisher = "The Institute of Mathematical Statistics",
title = "Estimating the Dimension of a Model",
volume = "6",
year = "1978"
}



@article{Woodworth1935,
	author = {R. S. Woodworth and S. B. Sells},
	volume = {18},
	year = {1935},
	journal = {Journal of Experimental Psychology},
	number = {4},
	title = {An Atmosphere Effect in Formal Syllogistic Reasoning},
	pages = {451}
} 
@inproceedings{ragni:2017,
author    = {Marco Ragni and Ilir Kola and Phil Johnson-Laird},
TITLE = {The Wason Selection task: A Meta-Analysis},
booktitle = {Proc. of 39th Annual Conference of the {C}ognitive 
{S}cience {S}ociety},
Publisher = {{Austin, TX: Cognitive Science Society}},
editor = {G. Gunzelmann and A. Howes and T. Tenbrink and E.J. Davelaar},
publisher = {Cognitive Science Society},
year = {2017},
pages     = {980--985},
} 


@inproceedings{kakas:btg:2017,
author    = {Kakas, Antonis},
    TITLE= {Informalizing Formal Logic},
    BOOKTITLE= {Proceedings of the Workshop Bridging the Gap: Is Logic and Automated Reasoning a Foundation for Human Reasoning?
on the 39th Annual Conference of the {C}ognitive 
{S}cience {S}ociety, {(CogSci~2017)}},
    editor = {Ulrich Furbach and Claudia Schon},
    YEAR= {2017},
    pages = {TBA},
  series = {CEUR Workshop Proceedings},
  publisher = {CEUR-WS.org}
}
@Article{Singmann2013,
author="Singmann, Henrik
and Kellen, David",
title="MPTinR: Analysis of multinomial processing tree models in R",
journal="Behavior Research Methods",
year="2013",
month="Jun",
day="01",
volume="45",
number="2",
pages="560--575",
}


@inproceedings{cogsci:2017,
author    = {Costa, Ana and E.-A. {Dietz Saldanha} and H\"{o}lldobler, Steffen and Ragni, Marco},
TITLE = {A Computational Logic Approach to Human Syllogistic Reasoning},
year = {2017},
booktitle = {Proc. of 39th Conf. of {C}og. {S}ci. {S}ociety},
Publisher = {{Austin, TX: Cog. Sci. Society}},
editor = {G. Gunzelmann and A. Howes and T. Tenbrink and E.J. Davelaar},
publisher = {Cog. Sci. Society},
year = {2017},
pages     = {883--888}
} 

@article{johnson1999,
	Author = {Johnson-Laird, P. N and Savary, F.},
	Date-Added = {2015-09-16 13:56:05 +0000},
	Date-Modified = {2015-09-16 13:56:15 +0000},
	Journal = {Cognition},
	Number = {3},
	Pages = {191--229},
	Publisher = {Elsevier},
	Title = {Illusory inferences: A novel class of erroneous deductions},
	Volume = {71},
	Year = {1999}}



@incollection{grice1975,
  address = {New York},
  author = {Grice, H. P.},
  booktitle = {Syntax and Semantics: Vol. 3: Speech Acts},
  editor = {Cole, Peter and Morgan, Jerry L.},
  pages = {41-58},
  publisher = {Academic Press},
  title = {Logic and Conversation},
  note = {Reprinted as ch.2 of Grice 1989, pages 22--40},
  year = 1975
}


	
@article{edgington:1995,
	publisher = {Oxford University Press},
	journal = {Mind},
	year = {1995},
	pages = {235--329},
	title = {On Conditionals},
	volume = {104},
	author = {Dorothy Edgington},
	number = {414}
}


@inproceedings{dhp:2015b,
	Author = {Emmanuelle-Anna Dietz and Steffen H{\"o}lldobler and Lu{\'i}s Moniz Pereira},
	Booktitle = {Global Conference on Artificial Intelligence ({GCAI})},
	Editor = {G. Gottlob and G. Sutcliffe and A. Voronkov},
	Publisher = {EasyChair},
	Series = {Epic Series in Computing},
	Title = {On Conditionals},
	Year = {2015},
  STATUS = {own}
}


@article{pereira:saptawijaya:2015b,
  author    = {Lu\'{\i}s Moniz Pereira and Ari Saptawijaya},
  title     = {Abduction and Beyond in Logic Programming with Application to Morality},
  journal      = {IfColog Journal of Logics and their Applications, Special issue on 
``Frontiers of Abduction''},
  year      = {2016},
	pages = {37--71},
	volume = {3},
number = {1}
}

@book{pereira:saptawijaya:2016,
  author    = {Lu\'{\i}s Moniz Pereira and Ari Saptawijaya},
  title     = {Programming Machine Ethics},
volume = {26},
number = {1},
	publisher = {Springer SAPERE series},
	year = {2016},
	address = {Berlin},
}


 @article{adams:1970,
     title = {Subjunctive and Indicative Conditionals},
     author = {Adams, Ernest W.},
     journal = {Foundations of Language},
     volume = {6},
     number = {1},
     pages = {89-94},
     year = {1970},
     publisher = {Springer},
    }


@book{anderson:etal:1992,
	publisher = {{P}rinceton {U}niversity {P}ress},
	title = {{E}ntailment: {T}he {L}ogic of {R}elevance and {N}ecessity, {V}ol. {II}},
	year = {1992},
	address = {NJ},
	author = {Alan Ross Anderson and Nuel D. Belnap and J. Michael Dunn}
}

@book{anderson:belnap:1975,
	publisher = {{P}rinceton {U}niversity {P}ress},
	title = {{E}ntailment: {T}he {L}ogic of {R}elevance and {N}ecessity, {V}ol. {I}},
	address = {NJ},
	year = {1975},
	author = {Alan Ross Anderson and Nuel D. Belnap}


@book{mares:2004,
    author = {Mares, Edwin D.},
    publisher = {{Cambridge University Press}},
    title = {{Relevant Logic : A Philosophical Interpretation}},
    year = {2004}
}

@book{terese:termrewsys,
 editor = {Klop, J. W. and Bezem, Marc and Vrijer, R. C. De},
 title = {Term Rewriting Systems},
 year = {2001},
 publisher = {Cambridge University Press},
 address = {New York, NY, USA},
} 

@book{baader:termrewsys,
  address = {United Kingdom},
  author = {Franz {Baader} and Tobias {Nipkow}},
  publisher = {Cambridge University Press},
  title = {Term Rewriting and All That},
  year = {1998},
}

@inproceedings{dh:2015a,
	Author = {E.-A. Dietz and Steffen H{\"o}lldobler},
	Booktitle = {Proc. of 13th Int. Conf. on Logic Programming and Nonmonotonic Reasoning},
	Editor = {F. Calimeri and G. Ianni and M. Truszczynski},
	Publisher = {Springer},
	Series = {LNAI},
	Title = {A New Computational Logic Approach to Reason with Conditionals},
	Volume = 9345,
	Year = 2015,
	pages = {265-278},
  STATUS = {own}
}

@inproceedings{dietz:hoelldobler:pereira:2017,
  author= "Dietz Saldanha, E.-A.
  and H{\"o}lldobler, S.
  and Pereira, L. M.",
  editors="Balduccini, Marcello  and Janhunen, Tomi",
  title="Contextual Reasoning: Usually Birds Can Abductively Fly",
  booktitle="Proceedings of 14th International Conference on Logic Programming and Nonmonotonic Reasoning (LPNMR)",
  year="2017",
  publisher="Springer International Publishing",
  pages="64--77",
}

@article{khemlani:2013,
  title={The processes of inference},
  author={Sangeet Khemlani and Philip N. Johnson-Laird},
  journal={Argument \& Computation},
  year={2013},
  volume={4},
  pages={1-20}
}
  

@inproceedings{dietz:hoelldobler:ragni:2015,
  author    = {E.-A. Dietz and
               Steffen H{\"{o}}lldobler and
               Marco Ragni},
  title     = {A Syllogistic Reasoning Theory and Three Examples},
  booktitle = {Proceedings of the 2nd International Workshop on Semantic Technologies
               (IWOST2)},
  year      = {2015},
  crossref  = {DBLP:conf/iwost/2015-2},
  url       = {http://ceur-ws.org/Vol-1494/paper5.pdf},
  timestamp = {Mon, 30 May 2016 16:28:38 +0200},
  biburl    = {http://dblp.uni-trier.de/rec/bib/conf/iwost/DietzHR15},
  bibsource = {dblp computer science bibliography, http://dblp.org},
  STATUS = {own}
}


@inproceedings{dhp:2015b,
	Author = {E.-A. Dietz and Steffen H{\"o}lldobler and Lu{\'i}s Moniz Pereira},
	Booktitle = {Global Conference on Artificial Intelligence},
	Editor = {G. Gottlob and G. Sutcliffe and A. Voronkov},
	Publisher = {EasyChair},
	Series = {Epic Series in Computing},
	Title = {On Conditionals},
	Year = {2015},
  STATUS = {own}
}

 
@inproceedings{pinto:pereira:2011,
	Author = {Alexandre Miguel Pinto and Lu{\'i}s Moniz Pereira},
	Booktitle = {Proceedings of 15th Portuguese International Conference on Artificial Intelligence (EPIA~2011)},
	Editor = {L. Antunes and H. Sofia  and A. Pinto  and R. Prada and P. Trigo},
	Publisher = {EasyChair},
	Series = {Epic Series in Computing},
	Title = {Every normal logic program has a 2-valued Minimal Hypotheses semantics},
	Year = {2011},
	pages = {283--297},	
}


@inproceedings{dhh:2015,
  author    = {E.-A. Dietz and
               Steffen H{\"{o}}lldobler and
               Raphael H{\"o}ps},
  title     = {A Computational Logic Approach to Human Spatial Reasoning},
  booktitle = {{IEEE} Symposium Series on Computational Intelligence, {(SSCI~2015)}},
  pages     = {1627--1634},
  year      = {2015},
   publisher = {{IEEE}},
  STATUS = {own}
}
	
@article{dix:1995,
  title={A classification theory of semantics of normal logic programs: 
I. Strong Properties, II. weak properties},
  author={Dix, J{\"u}rgen},
  journal={Fundamenta informaticae},
  volume={22},
  number={3},
  pages={227 - 255, 257--288},
  year={1995},
  publisher={IOS Press}
}
 
@article{batarekh:subrahmanian:1989,
  title={Topological Model Set Deformations in Logic Programming},
  author={A. Batarekh and V.S. Subrahmanian},
  journal={Fundamenta informaticae},
  volume={12},
  number={3},
  pages={357 - 400},
  year={1989}
}

@inproceedings{roemmele_choice_2011,
	address = {Stanford University},
	title = {Choice of {Plausible} {Alternatives}: {An} {Evaluation} of {Commonsense} {Causal} {Reasoning}},
		booktitle = {{AAAI} {Spring} {Symposium} on {Logical} {Formalizations} of {Commonsense} {Reasoning} {(Commonsense~2011)}},
	author = {Roemmele, Melissa and Bejan, Cosmin Adrian and Gordon, Andrew S.},
	year = {2011},
}

@inproceedings{maslan_one_2015,
	address = {Stanford, CA},
	title = {One {Hundred} {Challenge} {Problems} for {Logical} {Formalizations} of {Commonsense} {Psychology}},	
        booktitle = {Proceedings of the {Twelfth} {International} {Symposium} on {Logical} {Formalizations} of {Commonsense} {Reasoning} ({Commonsense}~2015)},
	author = {Maslan, Nicole and Roemmele, Melissa and Gordon, Andrew S.},
	year = {2015},
}



@inproceedings{DBLP:conf/kr/LevesqueDM12,
  author    = {Hector J. Levesque and
               Ernest Davis and
               Leora Morgenstern},
  title     = {The Winograd Schema Challenge},
  booktitle = {Principles of Knowledge Representation and Reasoning: Proceedings
               of the Thirteenth International Conference, {(KR~2012)}, Rome, Italy,
               June 10-14, 2012},
  year      = {2012},
  crossref  = {DBLP:conf/kr/2012}}

@proceedings{DBLP:conf/kr/2012,
  editor    = {Gerhard Brewka and
               Thomas Eiter and
               Sheila A. McIlraith},
  booktitle = {Principles of Knowledge Representation and Reasoning: Proceedings
               of the Thirteenth International Conference, {(KR~2012)}, Rome, Italy,
               June 10-14, 2012},
  publisher = {{AAAI} Press},
  year      = {2012},
}

@inproceedings{McCarthy59,
  address = {London},
  author = {McCarthy, John},
  booktitle = {Proceedings of the {Teddington Conference on the Mechanization of
	Thought Processes}},
  pages = {75--91},
  publisher = {{Her Majesty's Stationary Office}},
  title = {Programs with Common sense},
  year = 1959
}


@inproceedings{McCarthy98,
  author = {McCarthy, John},
  booktitle = {4th International  Symposium  on  Logical Formalizations  of Commonsense Reasoning},
  title = {Elaboration Tolerance},
  year = 1998
}

@article {johnsonlaird2015,
	title = {Logic, probability, and human reasoning},
	journal = {Trends in Cognitive Reasoning},
	volume = {19},
	number = {4},
	year = {2015},
	pages = {201--214},
	author = {Philip N. Johnson-Laird and Sangeet S. Khemlani and Geoffrey P. Goodwin}
}


@article{byrne:2016,
author = {Byrne, Ruth M.J.},
title = {Counterfactual Thought},
journal = {Annual Review of Psychology},
volume = {67},
number = {1},
pages = {135-157},
year = {2016},  
}

@article{oberauer:2006,
    author = {Oberauer, K.},
    journal = {Cognitive Psychology},
    number = {3},
    pages = {238--283},
    title = {{Reasoning with conditionals: A test of formal models of four theories}},
    volume = {53},
    year = {2006}
}

@article{j-j:byrne:2002,
    author = {Johnson-Laird, P. N. and Byrne, Ruth M. J.},
    journal = {Psychological Review},
    keywords = {counterfactual-reasoning, fixme, meaning, pragmatics, probability, reasoning},
    number = {4},
    pages = {646--678},
    title = {{Conditionals: A theory of meaning, pragmatics, and inference.}},
    volume = {109},
    year = {2002}
}


@article{dual-process:2005,
author = {Niki   Verschueren  and  Walter   Schaeken  and  G.  d'Ydewalle },
title = {A dual-process specification of causal conditional reasoning},
journal = {Thinking \& Reasoning},
volume = {11},
number = {3},
pages = {239-278},
year = {2005},
}

@ARTICLE{oaksford:chater:larkin:2000,
    author = {Mike Oaksford and Nick Chater and Joanne Larkin},
    title = {Probabilities and polarity biases in conditional inference},
    journal = {Journal of Experimental Psychology:Learning, Memory, and Cognition},
    year = {2000},
    pages = {883--899},
volume =26,
number = 4
}

@article{skovgaard-olsen:singmann:christoph:2016,
title = "The relevance effect and conditionals ",
journal = "Cognition ",
volume = "150",
number = "",
pages = "26 - 36",
year = "2016",
author = "Niels Skovgaard-Olsen and Henrik Singmann and Karl Christoph Klauer",
}


@article{spohn:2013,
	author = {Wolfgang Spohn},
	pages = {1074--1106},
	number = {6},
	year = {2013},
	journal = {Cognitive Science},
	title = {A RankingTheoretic Approach to Conditionals},
	volume = {37}
}

@book{davey:priestley:2002,
  title={Introduction to Lattices and Order},
  author={Davey, B.A. and Priestley, H.A.},
  series={Cambridge mathematical text books},
  year={2002},
  publisher={Cambridge University Press}
}


@article{stenning:2016,
author = {Keith Stenning and Laura Martignon and Alexandra Varga},
title = {Adaptive reasoning: integrating fast and frugal  heuristics with a logic of interpretation},
journal = {Decision},
volume = {},
number = {},
pages = {},
year = {in press}, 
}

@book{khamsi:introduction,
    author = {Khamsi, Mohamed A. and Kirk, William A.},
    publisher = {Wiley},
    title = {{An Introduction to Metric Spaces and Fixed Point Theory}},
    year = {2001}
}

@book{kirk2001handbook,
  title={Handbook of Metric Fixed Point Theory},
  editor={Kirk, W. and Sims, B.},
  year={2001},
  publisher={Springer}
}
@Article{Palais2007,
author="Palais, Richard S.",
title="A simple proof of the Banach contraction principle",
journal="Journal of Fixed Point Theory and Applications",
year="2007",
volume="2",
number="2",
pages="221--223",
abstract="We give a simple proof of the Banach contraction lemma.",
}

@article{reiter:1980,
  author    = {Raymond Reiter},
  title     = {A Logic for Default Reasoning},
  journal   = {Artifical Intelligence},
  volume    = {13},
  number    = {1-2},
  pages     = {81--132},
  year      = {1980},
}

@article{tarski:1955,
author = "Tarski, Alfred",
journal = "Pacific Journal of Mathematics",
number = "2",
pages = "285--309",
publisher = "Pacific Journal of Mathematics, A Non-profit Corporation",
volume = "5",
year = "1955"
}

@article{banach:1922,
author = {Banach, Stefan},
journal = {Fundamenta Mathematicae},
number = {1},
title = {Sur les op{\'e}rations dans les ensembles abstraits et leur application aux {\'e}quations int{\'e}grales},
pages = {133-181},
volume = {3},
year = {1922},
}






@article{ormerod:93,
author = {Thomas C.   Ormerod  and  Kenneth I.   Manktelow  and  Gregory V.   Jones },
title = {Reasoning with three types of conditional: Biases and mental models},
journal = {The Quarterly Journal of Experimental Psychology Section A},
volume = {46},
number = {4},
pages = {653-677},
year = {1993},
}

@article{johnson-laird:etal:2004,
	author = { P N. Johnson-Laird and Vittorio Girotto and Paolo Legrenzi },
	title = { Reasoning From Inconsistency to Consistency },
	journal = { Psychological Review },
	volume = { 111 },
	number = { 3 },
	year = { 2004 },
	pages = { 640--661 },
}


@inproceedings{ragni:dietz:kola:hoelldobler:2016,
  author    = {Marco Ragni and
               E.-A. Dietz and
               Ilir Kola and
               Steffen H{\"{o}}lldobler},
  title     = {Two-Valued Logic is Not Sufficient to Model Human Reasoning, but Three-Valued
               Logic is: {A} Formal Analysis},
  booktitle = {Proceedings of the Workshop on Bridging the Gap between Human and
               Automated Reasoning co-located with 25th International Joint Conference
               on Artificial Intelligence {(IJCAI~2016)}, New York, USA},
  pages     = {61--73},
  year      = {2016},
   editor    = {Claudia Schon and
               Ulrich Furbach},
  title     = {Proceedings of the Workshop on Bridging the Gap between Human and
               Automated Reasoning co-located with 25th International Joint Conference
               on Artificial Intelligence {(IJCAI~2016)}, New York, USA},
  series    = {{CEUR} Workshop Proceedings},
  volume    = {1651},
  publisher = {CEUR-WS.org},
  year      = {2016},
  STATUS = {own}
}


@inproceedings{dietz:hoelldobler:rocha:2017,
  author    = {E.-A. {Dietz Saldanha} and 
               Steffen H{\"{o}}lldobler and Isabelly Lour\^{e}do Rocha},
  title     = {Obligation versus Factual Conditionals under the Weak Completion Semantics},
    BOOKTITLE= {Proceedings of the Young Scientist's Second International Workshop on Trends in Information Processing 
    {(YSIP~2)}},
    YEAR= {2017},
    editor = {Steffen H{\"o}lldobler and Andrey Malikov and Christoph Wernhard},
    PAGES= {},
  series = {CEUR Workshop Proceedings},
  publisher = {CEUR-WS.org},
  STATUS = {own}
  }



@inproceedings{dietz:hoelldobler:philipp:2017,
  author    = {E.-A. {Dietz Saldanha} and 
               Steffen H{\"{o}}lldobler and Tobias Philipp},
  title     = {The Complexity of Contextual Abduction in Human Reasoning Tasks},
    BOOKTITLE= {Proceedings of the Young Scientist's Second International Workshop on Trends in Information Processing 
    {(YSIP~2)}},
    YEAR= {2017},
    editor = {Steffen H{\"o}lldobler and Andrey Malikov and Christoph Wernhard},
    PAGES= {},
  series = {CEUR Workshop Proceedings},
  publisher = {CEUR-WS.org},
  STATUS = {own}}



@inproceedings{costa:dietz:hoelldobler:2017,
  author    = {Ana Costa and E.-A. {Dietz Saldanha} and 
               Steffen H{\"{o}}lldobler},
  title     = {Monadic Reasoning using Weak Completion Semantics},
    BOOKTITLE= {Proceedings of the Young Scientist's Second International Workshop on Trends in Information Processing 
    {(YSIP~2)}},
    YEAR= {2017},
    editor = {Steffen H{\"o}lldobler and Andrey Malikov and Christoph Wernhard},
    PAGES= {},
  series = {CEUR Workshop Proceedings},
  publisher = {CEUR-WS.org},
  STATUS = {own}}
}


@incollection{bhhw:2007a,
  author = {Bader, Sebastian and Hitzler, Pascal and H\"{o}lldobler, Steffen and Witzel, Andreas},
  booktitle = {Perspectives of Neural-Symbolic Integration},
  editor = {Hammer, Barbara and Hitzler, Pascal},
  pages = {205--232},
  publisher = {Springer Berlin Heidelberg},
  series = {Studies in Computational Intelligence},
  title = {The Core Method: Connectionist Model Generation for First-Order Logic Programs.},
  volume = 77,
  year = 2007
}

@article{kakas:loizos:argumentandcognition,
     author = {Antonis Kakas and Loizos Michael},
     title = {{Cognitive Systems: Argument and Cognition}},
     journal = {IEEE Intelligent Informatics Bulletin},
     publisher = {IEEE Computer Science},
     volume = {17},
     number = {1},
     pages = {14--20},
     year = {2016},
}


@conference{diakidoy:etal:2015STARSystem,
     author = {Irene-Anna Diakidoy and Antonis Kakas and Loizos Michael and Rob Miller},
     title = {{STAR: A System of Argumentation for Story Comprehension and Beyond}},
     booktitle = {Proceedings of the 12th International Symposium on Logical Formalizations of Commonsense Reasoning (Commonsense~2015)},
     pages = {64--70},
     year = {2015},
}

@article{chater:oaksford:1999,
title = "The Probability Heuristics Model of Syllogistic Reasoning",
journal = "Cognitive Psychology",
volume = "38",
number = "2",
pages = "191 - 258",
year = "1999",
author = "Nick Chater and Mike Oaksford"
}


@article{dietz:hoelldobler:kencana:palacios:2017,
  editor = {Tarek R. Besold, Luis C. Lamb, Thomas Icard and Risto Miikkulainen},
  year = {2017},
  author = {E.-A. {Dietz Saldanha} and Steffen H{\"o}lldobler and Carroline {Kencana Ramli} and Luis {Palacios Medinacelli}},
  journal = {Journal of Artificial Intelligence Research Special Track on Deep Learning, Knowledge Representation, and Reasoning},
  title = {A Core Method for the Weak Completion Semantics with Skeptical Abduction},
  STATUS = {own}
}

@online{fst:2017,
  author = {Free Software Foundation, Inc.},
  title = {The {F}ree {S}ofware {D}efinition},
  year = 2017,
  url = {https://www.gnu.org/philosophy/free-sw.html},
  urldate = {2017-11-22}
}

@book{GebserKaminskiKaufmannSchaub12,
  author    = {Martin Gebser and
               Roland Kaminski and
               Benjamin Kaufmann and
               Torsten Schaub},
  title     = {Answer Set Solving in Practice},
  series    = {Synthesis Lectures on Artificial Intelligence and Machine Learning},
  publisher = {Morgan {\&} Claypool Publishers},
  year      = {2012},
}

@article{behave:eco,
Author = {Thaler, Richard H.},
Title = {Behavioral Economics: Past, Present, and Future},
Journal = {American Economic Review},
Volume = {106},
Number = {7},
Year = {2016},
Month = {July},
Pages = {1577-1600},
}


@book{parry:1991,
  title={Aristotelian Logic},
  author={Parry, W.T. and Hacker, E.A.},
  series={G - Reference,Information and Interdisciplinary Subjects Series},
  year={1991},
  publisher={State University of New York Press}
}
